@article{Biderman2004,
author = {Biderman, Ciro},
file = {:C$\backslash$:/Users/alyss/OneDrive/Alysson/pesquisas/dependencia{\_}mun/bibliografia/artigos/CEPESP{\_}Alexandre$\backslash$; Biderman$\backslash$; Lima.pdf:pdf},
keywords = {brazilian states growth rates,classifica{\c{c}}{\~{a}}o anpec,classifica{\c{c}}{\~{a}}o jel,convergence,credit regional distribution,economia regional,g21,r12,{\'{a}}rea 5},
title = {{DISTRIBUI{\c{C}}{\~{A}}O REGIONAL DO CR{\'{E}}DITO BANC{\'{A}}RIO E CONVERG{\^{E}}NCIA NO CRESCIMENTO ESTADUAL BRASILEIRO}},
year = {2001}
}
@article{Reichstul2006,
abstract = {Este artigo contribui para o entendimento da causalidade entre cr{\'{e}}dito banc{\'{a}}rio e atividade econ{\^{o}}mica na Regi{\~{a}}o Metropolitana de S{\~{a}}o Paulo (RMSP). Quest{\~{o}}es t{\^{e}}m sido levantadas quanto {\`{a}} dire{\c{c}}{\~{a}}o da causalidade, {\`{a}} Granger, prevalecente em economias nacionais, e uma {\^{e}}nfase local ainda n{\~{a}}o contemplada na literatura {\'{e}} dada aqui. Analisa-se a rela{\c{c}}{\~{a}}o entre diferentes modalidades de cr{\'{e}}dito banc{\'{a}}rio e um indicador de atividade econ{\^{o}}mica na RMSP entre janeiro de 1992 e dezembro de 2003, com um modelo de Vetores Auto-regressivos bivariado tendo detectado uma causalidade bidirecional.This study contributes to the understanding of the causality between banking credit and economic activity in the Metropolitan Region of S{\~{a}}o Paulo (MRSP). Questions have been raised as to the prevailing Granger-causality for national economies, and a local approach that has not yet been followed in the empirical literature is pursued here. It is dealt with the relationship between several banking credit modalities and an indicator of economic activity in the MRSP from January 1992 to December 2003, with a bivariate Autoregressive Vector model having found a birectional causality.},
author = {Reichstul, Daniel and Lima, Gilberto Tadeu},
doi = {10.1590/s0101-41612006000400005},
file = {:C$\backslash$:/Users/alyss/OneDrive/Alysson/pesquisas/dependencia{\_}mun/bibliografia/artigos/a05v36n4.pdf:pdf},
issn = {0101-4161},
journal = {Estudos Econ{\^{o}}micos (S{\~{a}}o Paulo)},
number = {4},
pages = {779--801},
title = {{Causalidade entre cr{\'{e}}dito banc{\'{a}}rio e n{\'{i}}vel de atividade econ{\^{o}}mica na regi{\~{a}}o metropolitana de S{\~{a}}o Paulo: algumas evid{\^{e}}ncias emp{\'{i}}ricas}},
volume = {36},
year = {2006}
}
@article{Galeano2011,
author = {Galeano, EAV and Feij{\'{o}}, C},
file = {:C$\backslash$:/Users/alyss/OneDrive/Alysson/pesquisas/dependencia{\_}mun/bibliografia/artigos/213-394-1-SM.pdf:pdf},
title = {{Cr{\'{e}}dito e Crescimento econ{\^{o}}mico: uma explora{\c{c}}{\~{a}}o regional para a economia brasileira nos anos 2000}},
url = {http://www.uff.br/econ/download/tds/UFF{\_}TD277.pdf{\%}5Cnhttp://scholar.google.com/scholar?hl=en{\&}btnG=Search{\&}q=intitle:Cr{\'{e}}dito+e+Crescimento+Econ{\^{o}}mico:+uma+explora{\c{c}}{\~{a}}o+regional+para+a+economia+brasileira+nos+anos+2000{\#}3},
year = {2011}
}
@article{STN2018,
author = {STN},
file = {:C$\backslash$:/Users/alyss/OneDrive/Alysson/pesquisas/dependencia{\_}mun/bibliografia/artigos/Boletim de Financas dos Entes Subnacionais 2017 -  Versao final.pdf:pdf},
pages = {125},
title = {{Boletim de Finan{\c{c}}as dos Entes Subnacionais}},
year = {2018}
}
@article{Silva2009,
author = {Silva, Sandro Pereira and Filho, Eloy Alves},
file = {:C$\backslash$:/Users/alyss/OneDrive/Alysson/pesquisas/dependencia{\_}mun/bibliografia/artigos/impactos{\_}jequitinhonha{\_}MG.pdf:pdf},
journal = {Revista Econ{\^{o}}mica do Nordeste},
number = {3},
pages = {481--498},
title = {{Impactos Econ{\^{o}}micos do Pronaf em Territ{\'{o}}rios Rurais: Um Estudo para o M{\'{e}}dio Jequitinhonha â€“ MG}},
volume = {40},
year = {2009}
}
@article{DaSilvaMarioni2016,
abstract = {This study aims to assess the impact of Pronaf on the Brazilian GDP and on sectoral GDP (services, agricultural and industrial) from the application of quantile regression with fixed effects for panel data. Given the criticism regarding the distribution of resources, we also evaluate the different results within the regional context, i.e. the different impacts in the five geographical regions of Brazil (North, Northeast, Midwest, Southeast and South). We use the quantile regression model with fixed effects to panel database, since the variables used in the analysis provide strong inequality between municipalities. By observing the response of each quantile, not just from the average, as well as taking into account the control of fixed effects, the effects of Pronaf on GDP can be better captured. Although the program is national, the different results between regions suggest that (i) changes and improvements in Pronaf should be conducted properly to each region and (ii) it is clear the necessity to decentralize resources.},
author = {{da Silva Marioni}, Larissa and {de Almeida Vale}, Vinicius and Perobelli, Fernando Salgueiro and {da Silva Freguglia}, Ricardo},
doi = {10.1590/1234.56781806-947900540202},
file = {:C$\backslash$:/Users/alyss/OneDrive/Alysson/pesquisas/dependencia{\_}mun/bibliografia/artigos/RQ{\_}pronaf.pdf:pdf},
isbn = {7900540202},
issn = {01032003},
journal = {Revista de Economia e Sociologia Rural},
keywords = {Familiar agriculture,Fixed effects,National and regional impact,Pronaf,Quantile regression},
number = {2},
pages = {221--242},
title = {{Uma aplica{\c{c}}{\~{a}}o de regress{\~{a}}o quant{\'{i}}lica para dados em painel do pib e do pronaf}},
volume = {54},
year = {2016}
}
@article{Araujo2017,
author = {jair andrada Araujo and jose eustaquio ribeiro {Vieira Filho}},
file = {:C$\backslash$:/Users/alyss/OneDrive/Alysson/pesquisas/dependencia{\_}mun/bibliografia/artigos/analise{\_}impactos{\_}pronaf{\_}IPEA.pdf:pdf},
journal = {Td 2412},
title = {{An{\'{a}}lise dos Impactos do Pronaf na Agricultura Brasil no per{\'{i}}odo de 2007 a 2016}},
year = {2017}
}
@article{Soyster1973a,
abstract = {The microscopic structure of silicified Cedrela vvood, as- signable to the form genus Cedreloxylon SELMEIER, 1987, is described from the northern Alpine Foreland in southern Ger- many and Austria. Two structurally different wood types of Ccdroxylon can be distinguishcd based on cross sections. The wood of Cedreloxylon i s compared to that seen i n extant and other fossil taxa of Cedrela. In adebtion, the ring widths of 45 Cedrela wood fragments are recorded. The results suggest that minute anatomy and growth ring width may vary considerably withm a smgle tree, depending on the topographic position (e.g., stem, branch, root) of the respective fragment. Finally, a few comments are offered on the difficult task of interpreting fossil tree-rings with regard to palaeoclimatology, and some aspects are exemplified based on the material at band.},
author = {Soyster, A. L. and Organisasi, Komitmen and Organisasi, D I and Islam, Pendidikan and Hashim, Noraizah Mohamed and Kajian, Abstrak and Diraja, Rejimen Renjer and Correlation, Pearson and Infantri, Jabatanarah and Khasnya, Pasukan and Kerja, Dengan Kepuasan and Perbincangan, B A B and Etika, Pelaksanaan and Islam, Kerja and Kes, Kajian and Soyster, A. L. and Motors, General and Europe, Western and Soyster, A. L. and Organisasi, Komitmen and Organisasi, D I and Islam, Pendidikan and Hashim, Noraizah Mohamed and Kajian, Abstrak and Diraja, Rejimen Renjer and Correlation, Pearson and Infantri, Jabatanarah and Khasnya, Pasukan and Kerja, Dengan Kepuasan and Perbincangan, B A B and Etika, Pelaksanaan and Islam, Kerja and Kes, Kajian and Wolfe, Nero and Fbi, Contro L and Motors, General and Europe, Western and Soyster, A. L. and Motors, General and Europe, Western and Organisasi, Komitmen and Organisasi, D I and Islam, Pendidikan and Hashim, Noraizah Mohamed and Kajian, Abstrak and Diraja, Rejimen Renjer and Correlation, Pearson and Infantri, Jabatanarah and Khasnya, Pasukan and Kerja, Dengan Kepuasan and Perbincangan, B A B and Etika, Pelaksanaan and Islam, Kerja and Kes, Kajian and Soyster, A. L. and Wolfe, Nero and Fbi, Contro L and Organisasi, Komitmen and Organisasi, D I and Islam, Pendidikan and Hashim, Noraizah Mohamed and Kajian, Abstrak and Diraja, Rejimen Renjer and Correlation, Pearson and Infantri, Jabatanarah and Khasnya, Pasukan and Kerja, Dengan Kepuasan and Perbincangan, B A B and Etika, Pelaksanaan and Islam, Kerja and Kes, Kajian and Soyster, A. L. and Organisasi, Komitmen and Organisasi, D I and Islam, Pendidikan and Hashim, Noraizah Mohamed and Kajian, Abstrak and Diraja, Rejimen Renjer and Correlation, Pearson and Infantri, Jabatanarah and Khasnya, Pasukan and Kerja, Dengan Kepuasan and Perbincangan, B A B and Etika, Pelaksanaan and Islam, Kerja and Kes, Kajian and Motors, General and Europe, Western and Soyster, A. L. and Wolfe, Nero and Fbi, Contro L and Organisasi, Komitmen and Organisasi, D I and Islam, Pendidikan and Hashim, Noraizah Mohamed and Kajian, Abstrak and Diraja, Rejimen Renjer and Correlation, Pearson and Infantri, Jabatanarah and Khasnya, Pasukan and Kerja, Dengan Kepuasan and Perbincangan, B A B and Etika, Pelaksanaan and Islam, Kerja and Kes, Kajian and Motors, General and Europe, Western and Soyster, A. L. and Organisasi, Komitmen and Organisasi, D I and Islam, Pendidikan and Hashim, Noraizah Mohamed and Kajian, Abstrak and Diraja, Rejimen Renjer and Correlation, Pearson and Infantri, Jabatanarah and Khasnya, Pasukan and Kerja, Dengan Kepuasan and Perbincangan, B A B and Etika, Pelaksanaan and Islam, Kerja and Kes, Kajian and Soyster, A. L. and Motors, General and Europe, Western and Soyster, A. L. and Organisasi, Komitmen and Organisasi, D I and Islam, Pendidikan and Hashim, Noraizah Mohamed and Kajian, Abstrak and Diraja, Rejimen Renjer and Correlation, Pearson and Infantri, Jabatanarah and Khasnya, Pasukan and Kerja, Dengan Kepuasan and Perbincangan, B A B and Etika, Pelaksanaan and Islam, Kerja and Kes, Kajian and Soyster, A. L. and Organisasi, Komitmen and Organisasi, D I and Islam, Pendidikan and Hashim, Noraizah Mohamed and Kajian, Abstrak and Diraja, Rejimen Renjer and Correlation, Pearson and Infantri, Jabatanarah and Khasnya, Pasukan and Kerja, Dengan Kepuasan and Perbincangan, B A B and Etika, Pelaksanaan and Islam, Kerja and Kes, Kajian and Soyster, A. L. and Motors, General and Europe, Western and Soyster, A. L. and Organisasi, Komitmen and Organisasi, D I and Islam, Pendidikan and Hashim, Noraizah Mohamed and Kajian, Abstrak and Diraja, Rejimen Renjer and Correlation, Pearson and Infantri, Jabatanarah and Khasnya, Pasukan and Kerja, Dengan Kepuasan and Perbincangan, B A B and Etika, Pelaksanaan and Islam, Kerja and Kes, Kajian},
file = {:C$\backslash$:/Users/alyss/OneDrive/Alysson/pesquisas/dependencia{\_}mun/bibliografia/artigos/aamado.pdf:pdf},
isbn = {9780080453705},
journal = {Bba},
keywords = {1700,250-721-8542,b,c,ca,canada,causality,cointegration,correspondence to,department of economics,dimension,economic growth,email,giles,jgiles,judith a,misspecification,model,po box,robustness,telephone,time series models,university of victoria,uvic,v8w 2y2,victoria,we are grateful},
number = {July},
pages = {1154--1157},
title = {{Impactos Regionais do Recente Processo de Concentra{\c{c}}{\~{a}}o Banc{\'{a}}ria no Brasil Adriana}},
url = {http://ocw.mit.edu/index.html{\%}0Ac:{\%}5CDocuments and Settings{\%}5CAdam W. Smith{\%}5CMy Documents{\%}5CPapers{\%}5CEndnoteCitations{\%}5Chilario2003.pdf},
volume = {21},
year = {1973}
}
@article{Araujo2017,
abstract = {Credit is an instrument that supplies the entrepreneurs ways to play an active role in the economy. The objective of this paper is to analyze the economic impacts of the rural credit in the microregion of Pirapora, one of the seven microregions in the north of Minas Gerais State, Brazil. The impacts of rural credit regarding the total and by sector GDP per capita are measured and analyzed. In addition, the possible effects of rural credit on the {\'{I}}ndice Mineiro de Responsabilidade Social (IMRS - Minas Gerais State Social Responsibility Index) are identified. The panel data model is used, considering the period from 2000 to 2004. Results indicate that the agricultural sector is the main beneficiary of rural credit. Since the rural credit provides liquidity in the local economy, the effects of rural credit on other sectors are observed. A possible restriction on credit access is observed, when the direct effects of rural credit on the IMRS are measured.},
archivePrefix = {arXiv},
arxivId = {arXiv:1011.1669v3},
author = {Capobiango, Ronan Pereira and Braga, Marcelo Jos{\'{e}} and Silveira, Suely de F{\'{a}}tima Ramos and Costa, Caio C{\'{e}}sar Medeiros and Oliver, J. and Castro, Inez and Vidal, Ant{\^{o}}nio and de Aquino, Joacir Rufino and Bastos, Fernando and Pereira, Eder Lucinda and Nascimento, Jean Santos and Silva, Sandro Pereira and Filho, Eloy Alves and Rodrigues, Gabriel Magalh{\~{a}}es and {da Silva Marioni}, Larissa and {de Almeida Vale}, Vinicius and Perobelli, Fernando Salgueiro and {da Silva Freguglia}, Ricardo and STN and Denise, Iara and Battisti, Endruweit and Micail, Felipe and jair andrada Araujo and jose eustaquio ribeiro {Vieira Filho} and Silva, Sandro Pereira and {Alves Filho}, Eloy},
doi = {10.1590/1234-56781806-94790570102},
eprint = {arXiv:1011.1669v3},
file = {:C$\backslash$:/Users/alyss/OneDrive/Alysson/pesquisas/dependencia{\_}mun/bibliografia/artigos/impacto{\_}pirapora.pdf:pdf;:C$\backslash$:/Users/alyss/OneDrive/Alysson/pesquisas/dependencia{\_}mun/bibliografia/artigos/avaliacao{\_}fne{\_}2004{\_}2010.pdf:pdf;:C$\backslash$:/Users/alyss/OneDrive/Alysson/pesquisas/dependencia{\_}mun/bibliografia/artigos/impactos{\_}territorios{\_}baixa{\_}dinam.pdf:pdf;:C$\backslash$:/Users/alyss/OneDrive/Alysson/pesquisas/dependencia{\_}mun/bibliografia/artigos/efeitos{\_}pronaf{\_}mun{\_}tocantins.pdf:pdf;:C$\backslash$:/Users/alyss/OneDrive/Alysson/pesquisas/dependencia{\_}mun/bibliografia/artigos/RQ{\_}pronaf.pdf:pdf;:C$\backslash$:/Users/alyss/OneDrive/Alysson/pesquisas/dependencia{\_}mun/bibliografia/artigos/dez{\_}anos{\_}agroamigo.pdf:pdf;:C$\backslash$:/Users/alyss/OneDrive/Alysson/pesquisas/dependencia{\_}mun/bibliografia/artigos/Boletim de Financas dos Entes Subnacionais 2017 -  Versao final.pdf:pdf;:C$\backslash$:/Users/alyss/OneDrive/Alysson/pesquisas/dependencia{\_}mun/bibliografia/artigos/analise{\_}impactos{\_}pronaf{\_}IPEA.pdf:pdf;:C$\backslash$:/Users/alyss/OneDrive/Alysson/pesquisas/dependencia{\_}mun/bibliografia/artigos/pronaf{\_}zona{\_}mata{\_}MG.pdf:pdf;:C$\backslash$:/Users/alyss/OneDrive/Alysson/pesquisas/dependencia{\_}mun/bibliografia/artigos/desequilibrio{\_}fiscal{\_}RG{\_}NE.pdf:pdf;:C$\backslash$:/Users/alyss/OneDrive/Alysson/pesquisas/dependencia{\_}mun/bibliografia/artigos/impactos{\_}jequitinhonha{\_}MG.pdf:pdf;:C$\backslash$:/Users/alyss/OneDrive/Alysson/pesquisas/dependencia{\_}mun/bibliografia/artigos/livroavancado0 (2).pdf:pdf},
isbn = {7900540202},
issn = {01032003},
journal = {Revista de Economia e Sociologia Rural},
keywords = {139-160,2015,3ryhuw,46,Article,Economic development,Equidade,Familiar agriculture,Familiar agriculture and public policy,Family agriculture,Finan{\c{c}}as P{\'{u}}blicas Estaduais,Fixed effects,National and regional impact,Nordeste,Panel data,Pronaf,Public policy,Quantile regression,Rural credit,Tributa{\c{c}}{\~{a}}o,Zona da Mata Mineira,dplo,duplqj 0lfurfuhglw 5xudo,econ,fdwlrq,fortaleza,icle,jul,lyhuvl,ne,p,rev,suplemento especial,v},
number = {1},
pages = {16},
pmid = {25246403},
title = {{An{\'{a}}lise dos Impactos do Pronaf na Agricultura Brasil no per{\'{i}}odo de 2007 a 2016}},
volume = {54},
year = {2019}
}
@article{Aquino2015,
author = {de Aquino, Joacir Rufino and Bastos, Fernando},
doi = {2357-9226},
file = {:C$\backslash$:/Users/alyss/OneDrive/Alysson/pesquisas/dependencia{\_}mun/bibliografia/artigos/dez{\_}anos{\_}agroamigo.pdf:pdf},
journal = {Revista Econ{\^{o}}mica do Nordeste},
keywords = {139-160,2015,3ryhuw,46,dplo,duplqj 0lfurfuhglw 5xudo,econ,fdwlrq,fortaleza,jul,lyhuvl,ne,p,rev,suplemento especial,v},
number = {suplemento especial},
pages = {139--160},
title = {{Dez Anos Do Programa Agroamigo Na Regi{\~{a}}o Nordeste: Evolu{\c{c}}{\~{a}}o , Resultados E Limites Para O Fortalecimento Da Agricultura Familiar}},
volume = {46},
year = {2015}
}
@article{Denise2019,
author = {Denise, Iara and Battisti, Endruweit and Micail, Felipe},
file = {:C$\backslash$:/Users/alyss/OneDrive/Alysson/pesquisas/dependencia{\_}mun/bibliografia/artigos/livroavancado0 (2).pdf:pdf},
title = {{Software R : Curso Avan{\c{c}}ado}},
year = {2019}
}
@article{Silva2008,
author = {Silva, Sandro Pereira and {Alves Filho}, Eloy},
file = {:C$\backslash$:/Users/alyss/OneDrive/Alysson/pesquisas/dependencia{\_}mun/bibliografia/artigos/impactos{\_}territorios{\_}baixa{\_}dinam.pdf:pdf},
journal = {In: Semin{\'{a}}rio sobre a Economia Mineira, 13., Diamantina. 2008.},
pages = {16},
title = {{An{\'{a}}lise Dos Impactos Econ{\^{o}}micos Do Pronaf Em Territ{\'{o}}rios De Baixa Dinamiza{\c{c}}{\~{a}}o Econ{\^{o}}mica}},
year = {2008}
}
@article{Oliver2013,
abstract = {Predicting the binding mode of flexible polypeptides to proteins is an important task that falls outside the domain of applicability of most small molecule and proteinâˆ’protein docking tools. Here, we test the small molecule flexible ligand docking program Glide on a set of 19 non-$\alpha$-helical peptides and systematically improve pose prediction accuracy by enhancing Glide sampling for flexible polypeptides. In addition, scoring of the poses was improved by post-processing with physics-based implicit solvent MM- GBSA calculations. Using the best RMSD among the top 10 scoring poses as a metric, the success rate (RMSD â‰¤ 2.0 {\AA} for the interface backbone atoms) increased from 21{\%} with default Glide SP settings to 58{\%} with the enhanced peptide sampling and scoring protocol in the case of redocking to the native protein structure. This approaches the accuracy of the recently developed Rosetta FlexPepDock method (63{\%} success for these 19 peptides) while being over 100 times faster. Cross-docking was performed for a subset of cases where an unbound receptor structure was available, and in that case, 40{\%} of peptides were docked successfully. We analyze the results and find that the optimized polypeptide protocol is most accurate for extended peptides of limited size and number of formal charges, defining a domain of applicability for this approach.},
archivePrefix = {arXiv},
arxivId = {arXiv:1011.1669v3},
author = {Oliver, J.},
doi = {10.1017/CBO9781107415324.004},
eprint = {arXiv:1011.1669v3},
file = {:C$\backslash$:/Users/alyss/OneDrive/Alysson/pesquisas/dependencia{\_}mun/bibliografia/artigos/avaliacao{\_}fne{\_}2004{\_}2010.pdf:pdf},
isbn = {9788578110796},
issn = {1098-6596},
journal = {Journal of Chemical Information and Modeling},
keywords = {icle},
number = {9},
pages = {1689--1699},
pmid = {25246403},
title = {{Avalia{\c{c}}{\~{a}}o dos Impactos Econ{\^{o}}micos do Fundo Constituicional de Financiamento do Nordeste entre 2004 e 2010}},
volume = {53},
year = {2013}
}
@article{Pereira2014,
abstract = {This study aimed to evaluate the Pronaf 's ability to help reducing the gap between potential yield and actual output of agriculture in Tocantins. In terms of methodology, in addition to descriptive analyses, linear regression of the average and quantile regression were used. The research focused on Tocantins State, covering all municipalities (units of analysis), from 2002 to 2009. It was highlighted: the relative importance of agriculture for the economy in Tocantins, the significant participation of family agriculture in total industry output and the significant presence of Pronaf, which, apart from helping the process of legitimizing the family farm, as noted in early studies, has been shown capable to stimulate the production of plant and animal municipalities. Moreover, given the specificities of Pronaf in Tocantins, in terms of coverage and resource allocation, it is assumed that the findings give the program characteristics that also contribute for the process of reducing inequality in the state. However, although the program deserves the attention of policy makers, given their ability to stimulate local agricultural production, one must conceive it as a complementary intervention, since the family work, as recorded in literature, proved to be crucial in the productive performance of family farming.},
author = {Pereira, Eder Lucinda and Nascimento, Jean Santos},
doi = {10.1590/S0103-20032014000100008},
file = {:C$\backslash$:/Users/alyss/OneDrive/Alysson/pesquisas/dependencia{\_}mun/bibliografia/artigos/efeitos{\_}pronaf{\_}mun{\_}tocantins.pdf:pdf},
issn = {01032003},
journal = {Revista de Economia e Sociologia Rural},
keywords = {Familiar agriculture and public policy,Pronaf},
number = {1},
pages = {139--156},
title = {{Efeitos do pronaf sobre a produ{\c{c}}{\~{a}}o agr{\'{i}}cola familiar dos munic{\'{i}}pios tocantinenses}},
volume = {52},
year = {2014}
}
@article{Castro2011,
author = {Castro, Inez and Vidal, Ant{\^{o}}nio},
file = {:C$\backslash$:/Users/alyss/OneDrive/Alysson/pesquisas/dependencia{\_}mun/bibliografia/artigos/desequilibrio{\_}fiscal{\_}RG{\_}NE.pdf:pdf},
issn = {0100-4956},
keywords = {Article,Equidade,Finan{\c{c}}as P{\'{u}}blicas Estaduais,Nordeste,Tributa{\c{c}}{\~{a}}o},
title = {{Desequil{\'{i}}brios fiscais na Regi{\~{a}}o Nordeste}},
year = {2011}
}
@article{Capobiango2012,
abstract = {Credit is an instrument that supplies the entrepreneurs ways to play an active role in the economy. The objective of this paper is to analyze the economic impacts of the rural credit in the microregion of Pirapora, one of the seven microregions in the north of Minas Gerais State, Brazil. The impacts of rural credit regarding the total and by sector GDP per capita are measured and analyzed. In addition, the possible effects of rural credit on the {\'{I}}ndice Mineiro de Responsabilidade Social (IMRS - Minas Gerais State Social Responsibility Index) are identified. The panel data model is used, considering the period from 2000 to 2004. Results indicate that the agricultural sector is the main beneficiary of rural credit. Since the rural credit provides liquidity in the local economy, the effects of rural credit on other sectors are observed. A possible restriction on credit access is observed, when the direct effects of rural credit on the IMRS are measured.},
author = {Capobiango, Ronan Pereira and Braga, Marcelo Jos{\'{e}} and Silveira, Suely de F{\'{a}}tima Ramos and Costa, Caio C{\'{e}}sar Medeiros},
doi = {10.1590/S0103-20032012000400003},
file = {:C$\backslash$:/Users/alyss/OneDrive/Alysson/pesquisas/dependencia{\_}mun/bibliografia/artigos/impacto{\_}pirapora.pdf:pdf},
issn = {01032003},
journal = {Revista de Economia e Sociologia Rural},
keywords = {Economic development,Panel data,Rural credit},
number = {4},
pages = {631--644},
title = {{An{\'{a}}lise do impacto econ{\^{o}}mico do cr{\'{e}}dito rural na microrregi{\~{a}}o de pirapora}},
volume = {50},
year = {2012}
}

@incollection{Odete2019,
abstract = {Este artigo estuda os benefici{\'{a}}rios do Pronaf B no Semi{\'{a}}rido brasileiro. O objetivo {\'{e}} compreender o perfil social e econ{\^{o}}mico, as condi{\c{c}}{\~{o}}es materiais e t{\'{e}}cnicas de produ{\c{c}}{\~{a}}o, assim como as estrat{\'{e}}gias de reprodu{\c{c}}{\~{a}}o que adotam benefici{\'{a}}rios do Pronaf B no semi{\'{a}}rido brasileiro. O embasamento emp{\'{i}}rico das an{\'{a}}lises {\'{e}} origin{\'{a}}rio de dados obtidos de pesquisa de campo do BNB realizada em 2012 (BNB, 2012) com benefici{\'{a}}rios do Pronaf, adotando o question{\'{a}}rio semiestruturado como instrumento de coleta. Os resultados mostram que a maioria dos entrevistados {\'{e}} jovem, sabe ler e escrever, disp{\~{o}}e de moradias pr{\'{o}}prias e acesso a redes de abastecimento de {\'{a}}gua e energia el{\'{e}}trica. Por outro lado, existe defici{\^{e}}ncia quanto {\`{a}} qualidade e variedade da alimenta{\c{c}}{\~{a}}o para crian{\c{c}}as e jovens de at{\'{e}} 18 anos, fun{\c{c}}{\~{a}}o do acesso prec{\'{a}}rio aos meios de produ{\c{c}}{\~{a}}o. A indisponibilidade de terras e de outros capitais f{\'{i}}sicos, associada {\`{a}}s condi{\c{c}}{\~{o}}es agroecol{\'{o}}gicas do Semi{\'{a}}rido, inviabilizam a produ{\c{c}}{\~{a}}o em maior escala que, por sua vez, dificulta ou torna inadequado o uso de determinados equipamentos e implementos agr{\'{i}}colas, bem como algumas pr{\'{a}}ticas ou tecnologias. Para superar as limita{\c{c}}{\~{o}}es, elaboram estrat{\'{e}}gias de reprodu{\c{c}}{\~{a}}o que envolvem o uso de terras em parceria, arrendamento e cess{\~{a}}o, a diversifica{\c{c}}{\~{a}}o da produ{\c{c}}{\~{a}}o, o cons{\'{o}}rcio entre culturas, a pluriatividade dentro e fora da unidade familiar e a prioridade a mercados de proximidade.},
address = {Bras{\'{i}}lia},
author = {Alves, Maria Odete and Vidal, Maria de F{\'{a}}tima and Maciel, Iracy Soares Ribeiro and de Oliveira, Alysson In{\'{a}}cio},
booktitle = {Avalia{\c{c}}{\~{a}}o de Pol{\'{i}}ticas P{\'{u}}blicas no Brasil: Uma An{\'{a}}lise do Seim{\'{a}}rido},
chapter = {8},
edition = {1{\textordmasculine}},
editor = {da Mata, Daniel and Freitas, Rog{\'{e}}rio Edivaldo and Resende, Guilherme Mendes},
file = {:C$\backslash$:/Users/alyss/AppData/Local/Mendeley Ltd./Mendeley Desktop/Downloaded/Alves et al. - 2019 - Benefici{\'{a}}rios do Pronaf B no Semi{\'{a}}rido Brasileiro Perfil Sociecon{\^{o}}mico, Condi{\c{c}}{\~{o}}es Materiais de Produ{\c{c}}{\~{a}}o e Estra(4).pdf:pdf},
isbn = {9788578113599},
keywords = {Brasil - Regi{\~{a}}o Nordeste,Desenvolvimento Regional,Desenvolvimento Rural,Fundos Federais,Pol{\'{i}}ticas P{\'{u}}blicas,Programas de Financiamento,Zona Semi{\'{a}}rida},
mendeley-tags = {Brasil - Regi{\~{a}}o Nordeste,Desenvolvimento Regional,Desenvolvimento Rural,Fundos Federais,Pol{\'{i}}ticas P{\'{u}}blicas,Programas de Financiamento,Zona Semi{\'{a}}rida},
pages = {267--295},
publisher = {IPEA},
title = {{Benefici{\'{a}}rios do Pronaf B no Semi{\'{a}}rido Brasileiro: Perfil Sociecon{\^{o}}mico, Condi{\c{c}}{\~{o}}es Materiais de Produ{\c{c}}{\~{a}}o e Estrat{\'{e}}gias de Reprodu{\c{c}}{\~{a}}o}},
url = {https://www.ipea.gov.br/portal/index.php?option=com{\_}content{\&}view=article{\&}id=35184 https://www.ipea.gov.br/portal/images/stories/PDFs/livros/livros/191120{\_}avaliacao{\_}de{\_}politicas{\_}publicas.pdf},
volume = {4},
year = {2019}
}
@article{Oliveira2019,
abstract = {O processo de ensino demanda a utiliza{\c{c}}{\~{a}}o de ferramentas que possibilitem uma melhor assimila{\c{c}}{\~{a}}o do conhecimento aprendido, sendo desej{\'{a}}vel tamb{\'{e}}m que a ferramenta seja de f{\'{a}}cil acesso, funcional, simp{\'{a}}tica e livre. A utiliza{\c{c}}{\~{a}}o de ferramentas no processo de ensino se mostra importante, tamb{\'{e}}m, por possibilitar a proximidade ao ambiente pr{\'{a}}tico em que esse aparato {\'{e}} efetivamente utilizado. Fatos, esses, que motivam a elabora{\c{c}}{\~{a}}o desse artigo, que tem como objetivo avaliar e comparar a utiliza{\c{c}}{\~{a}}o de diferentes softwaresno ensino da econometria, por meio de uma an{\'{a}}lise qualitativa. A partir disso foi elaborado uma tabela que compara as caracter{\'{i}}sticas e facilidades da utiliza{\c{c}}{\~{a}}o de softwares de acesso fechado e de acesso livre, evidenciando a import{\^{a}}ncia desse ferramental para facilitar a aprendizagem noensino da econometria. Por fim foi poss{\'{i}}vel observar que a utiliza{\c{c}}{\~{a}}o do software de acesso livre, GRETL (Gnu Regression, Econometric and Times Series Library), tem destaque frente a utiliza{\c{c}}{\~{a}}o de softwares de acesso fechado e a n{\~{a}}o utiliza{\c{c}}{\~{a}}o de softwares, contudo n{\~{a}}o compreende todas as funcionalidades que softwares de acesso fechado t{\^{e}}m, mas que acarreta benef{\'{i}}cios que v{\~{a}}o deste financeiros at{\'{e}} os benef{\'{i}}cios que sua popularidade tr{\'{a}}s nas resolu{\c{c}}{\~{o}}es de problemas.},
author = {de Oliveira, Alysson In{\'{a}}cio and Pinheiro, Rafael Queiroz and Normando, Eduardo Marques and Neto, Nicolino Trompieri},
file = {:C$\backslash$:/Users/alyss/AppData/Local/Mendeley Ltd./Mendeley Desktop/Downloaded/Oliveira et al. - 2019 - Os Benef{\'{i}}cios da Utiliza{\c{c}}{\~{a}}o do Software Open Source GRETL no Ensino em Econometria.pdf:pdf},
journal = {XIX Encontro de Inicia{\c{c}}{\~{a}}o {\`{a}} Doc{\^{e}}ncia UNIFOR},
keywords = {Econometria,Ensino,GRETL,Softwares Open-Source},
mendeley-tags = {Econometria,Ensino,GRETL,Softwares Open-Source},
number = {Id},
pages = {5},
title = {{Os Benef{\'{i}}cios da Utiliza{\c{c}}{\~{a}}o do Software Open Source GRETL no Ensino em Econometria}},
url = {https://uol.unifor.br/oul/conteudosite/?cdConteudo=9705501},
year = {2019}
}
